@article{cutlerEtAl,
  title = {Gravitational radiation reaction for bound motion around a Schwarzschild black hole},
  author = {Cutler, Curt and Kennefick, Daniel and Poisson, Eric},
  journal = {Phys. Rev. D},
  volume = {50},
  issue = {6},
  pages = {3816--3835},
  numpages = {0},
  year = {1994},
  month = {Sep},
  publisher = {American Physical Society},
  doi = {10.1103/PhysRevD.50.3816},
  url = {https://link.aps.org/doi/10.1103/PhysRevD.50.3816}
}

@article{celestialKerr,
	doi = {10.1088/0264-9381/19/10/314},
	url = {https://doi.org/10.1088\%2F0264-9381\%2F19\%2F10\%2F314},
	year = 2002,
	month = {Apr},
	publisher = {{IOP} Publishing},
	volume = {19},
	number = {10},
	pages = {2743--2764},
	author = {W Schmidt},
	title = {Celestial mechanics in Kerr spacetime},
	journal = {Classical and Quantum Gravity}
}

@Inbook{uvMapApp,
author="Wang, Min
and Ma, Lizhuang",
title="UV Map Generation on Triangular Mesh",
bookTitle="Encyclopedia of Computer Graphics and Games",
year="2017",
publisher="Springer International Publishing",
address="Cham",
pages="1--6",
isbn="978-3-319-08234-9",
doi="10.1007/978-3-319-08234-9_98-1",
url="https://doi.org/10.1007/978-3-319-08234-9_98-1"
}

@article{schwarz1916,
       author = {{Schwarzschild}, K.},
        title = "{On the Gravitational Field of a Mass Point According to Einstein's Theory}",
      journal = {Abh. Konigl. Preuss. Akad. Wissenschaften Jahre 1906,92, Berlin,1907},
         year = 1916,
        month = jan,
       volume = {1916},
        pages = {189-196},
       adsurl = {https://ui.adsabs.harvard.edu/abs/1916AbhKP1916..189S},
      adsnote = {Provided by the SAO/NASA Astrophysics Data System}
}

@article{surfaceMeshApp,
author = {Peyré, Gabriel and Cohen, Laurent},
year = {2005},
month = {01},
pages = {},
title = {Geodesic Computations for Fast and Accurate Surface Remeshing Parameterization},
volume = {63},
isbn = {3-7643-7249-4},
journal = {Prog. Nonlin. Diff. Eq. Appl.},
doi = {10.1007/3-7643-7384-9_18}
}

@ARTICLE{einsteinGR,
    author = {{Einstein}, Albert},
    title = "{Kosmologische Betrachtungen zur allgemeinen Relativit{\"a}tstheorie}",
    journal = {Sitzungsberichte der K{\"o}niglich Preussischen Akademie der Wissenschaften},
    year = 1917,
    month = jan,
    pages = {142-152},
    adsurl = {https://ui.adsabs.harvard.edu/abs/1917SPAW.......142E},
    adsnote = {Provided by the SAO/NASA Astrophysics Data System}
}

@article{smallStellar,
	doi = {10.1126/science.aau4005},
	url = {https://doi.org/10.1126\%2Fscience.aau4005},
	year = 2019,
	month = {nov},
	publisher = {American Association for the Advancement of Science ({AAAS})},
	volume = {366},
	number = {6465},
	pages = {637--640},
	author = {Thompson et al.},
	title = {A noninteracting low-mass black hole{\textendash}giant star binary system},
	journal = {Science}
}

@ARTICLE{drosteSchwarz,
       author = {{Droste}, Johannes},
        title = "{The field of a single centre in Einstein's theory of gravitation, and the motion of a particle in that field}",
      journal = {Koninklijke Nederlandse Akademie van Wetenschappen Proceedings Series B Physical Sciences},
         year = 1917,
        month = jan,
       volume = {19},
        pages = {197-215},
       adsurl = {https://ui.adsabs.harvard.edu/abs/1917KNAB...19..197D},
      adsnote = {Provided by the SAO/NASA Astrophysics Data System}
}

@article{brinkResonance,
	doi = {10.1103/physrevlett.114.081102},
	url = {https://doi.org/10.1103\%2Fphysrevlett.114.081102},
	year = 2015,
	month = {feb},
	publisher = {American Physical Society ({APS})},
	volume = {114},
	number = {8},
	author = {Jeandrew Brink and Marisa Geyer and Tanja Hinderer},
	title = {Orbital Resonances Around Black Holes},
	journal = {Physical Review Letters}
}

@article{brinkKerrResonance,
	doi = {10.1103/physrevd.91.083001},
	url = {https://doi.org/10.1103\%2Fphysrevd.91.083001},
	year = 2015,
	month = {apr},
	publisher = {American Physical Society ({APS})},
	volume = {91},
	number = {8},
	author = {Jeandrew Brink and Marisa Geyer and Tanja Hinderer},
	title = {Astrophysics of resonant orbits in the Kerr metric}, 
	journal = {Physical Review D}
}

@article{ruangsriCensusReso,
	doi = {10.1103/physrevd.89.084036},
	url = {https://doi.org/10.1103\%2Fphysrevd.89.084036},
	year = 2014,
	month = {apr},
	publisher = {American Physical Society ({APS})},
	volume = {89},
	number = {8},
	author = {Uchupol Ruangsri and Scott A. Hughes},
	title = {Census of transient orbital resonances encountered during binary inspiral},
	journal = {Physical Review D}
}

@article{meentEMRIReso,
	doi = {10.1103/physrevd.89.084033},
	url = {https://doi.org/10.1103\%2Fphysrevd.89.084033},
	year = 2014,
	month = {apr},
	publisher = {American Physical Society ({APS})},
	volume = {89},
	number = {8},
	author = {Maarten van de Meent},
	title = {Conditions for sustained orbital resonances in extreme mass ratio inspirals},
	journal = {Physical Review D}
}

@book{schutzFirstGR, 
    place={Cambridge}, 
    edition={2}, 
    title={A First Course in General Relativity}, 
    DOI={10.1017/CBO9780511984181}, 
    publisher={Cambridge University Press}, 
    author={Schutz, Bernard}, 
    year={2009}
}

@article{kerrMetric,
  title = {Gravitational Field of a Spinning Mass as an Example of Algebraically Special Metrics},
  author = {Kerr, Roy P.},
  journal = {Phys. Rev. Lett.},
  volume = {11},
  issue = {5},
  pages = {237--238},
  numpages = {0},
  year = {1963},
  month = {Sep},
  publisher = {American Physical Society},
  doi = {10.1103/PhysRevLett.11.237},
  url = {https://link.aps.org/doi/10.1103/PhysRevLett.11.237}
}

@article{teukolskySkimRadius,
       author = {{Bardeen}, James M. and {Press}, William H. and {Teukolsky}, Saul A.},
        title = "{Rotating Black Holes: Locally Nonrotating Frames, Energy Extraction, and Scalar Synchrotron Radiation}",
      journal = {Astrophysical Journal},
         year = 1972,
        month = dec,
       volume = {178},
        pages = {347-370},
          doi = {10.1086/151796},
       adsurl = {https://ui.adsabs.harvard.edu/abs/1972ApJ...178..347B},
      adsnote = {Provided by the SAO/NASA Astrophysics Data System}
}

@article{hughesNearlySkimming,
	doi = {10.1103/physrevd.63.064016},
	url = {https://doi.org/10.1103\%2Fphysrevd.63.064016},
	year = 2001,
	month = {Feb},
	publisher = {American Physical Society ({APS})},
	volume = {63},
	number = {6},
	author = {Scott A. Hughes},
	title = {Nearly horizon skimming orbits of Kerr black holes}, 
	journal = {Physical Review D}
}

@article{kerrNewmanMetric,
author = {Newman,E. T.  and Couch,E.  and Chinnapared,K.  and Exton,A.  and Prakash,A.  and Torrence,R. },
title = {Metric of a Rotating, Charged Mass},
journal = {Journal of Mathematical Physics},
volume = {6},
number = {6},
pages = {918-919},
year = {1965},
doi = {10.1063/1.1704351},
URL = {https://doi.org/10.1063/1.1704351},
eprint = {https://doi.org/10.1063/1.1704351  
}

}

@misc{aircraftApp, 
    title={Geodetic aircraft design},
    howpublished={\url{http://www.barneswallisfoundation.co.uk/life-and-work/geodetic-aircraft-design/}},
    author={Barnes Wallis Foundation},
    note={Accessed: 20-12-22}
} 

@article{chemPhysApp,
    author = {Ingebrigtsen,Trond S.  and Toxvaerd,Søren  and Heilmann,Ole J.  and Schrøder,Thomas B.  and Dyre,Jeppe C. },
    title = {NVU dynamics. I. Geodesic motion on the constant-potential-energy hypersurface},
    journal = {The Journal of Chemical Physics},
    volume = {135},
    number = {10},
    pages = {104101},
    year = {2011},
    doi = {10.1063/1.3623585},
    URL = {https://doi.org/10.1063/1.3623585},
    eprint = {https://doi.org/10.1063/1.3623585}
    }

@book{chandraBook,
      author        = "Chandrasekhar, S",
      title         = {The mathematical theory of black holes},
      publisher     = "Oxford Univ. Press",
      address       = "Oxford",
      series        = "Oxford classic texts in the physical sciences",
      year          = "2002",
      url           = "https://cds.cern.ch/record/579245",
}

@inbook{applicationsAshok,
      author        = "Das, Ashok",
      title         = {Lectures on Gravitation},
      publisher     = "World Scientific",
      pages         = {167-198},
      year          = "2011"
}

@article{drascoInspirals,
	doi = {10.1103/physrevd.73.024027},
	url = {https://doi.org/10.1103\%2Fphysrevd.73.024027},
	year = 2006,
	month = {Jan},
	publisher = {American Physical Society ({APS})},
	volume = {73},
	number = {2},
	author = {Steve Drasco and Scott A. Hughes},
	title = {Gravitational wave snapshots of generic extreme mass ratio inspirals},
	journal = {Physical Review D}
}

@article{warburtonKerrGeodesics,
	doi = {10.1103/physrevd.87.084012},
	url = {https://doi.org/10.1103\%2Fphysrevd.87.084012},
	year = 2013,
	month = {apr},
	publisher = {American Physical Society ({APS})},
	volume = {87},
	number = {8},
	author = {Niels Warburton and Leor Barack and Norichika Sago},
	title = {Isofrequency pairing of geodesic orbits in Kerr geometry},
	journal = {Physical Review D}
}

@article{ResonantCensus,
  title = {Census of transient orbital resonances encountered during binary inspiral},
  author = {Ruangsri, Uchupol and Hughes, Scott A.},
  journal = {Phys. Rev. D},
  volume = {89},
  issue = {8},
  pages = {084036},
  numpages = {20},
  year = {2014},
  month = {Apr},
  publisher = {American Physical Society},
  doi = {10.1103/PhysRevD.89.084036},
  url = {https://link.aps.org/doi/10.1103/PhysRevD.89.084036}
}

@article{resoFujita,
	doi = {10.1088/0264-9381/26/13/135002},
	url = {https://doi.org/10.1088\%2F0264-9381\%2F26\%2F13\%2F135002},
	year = 2009,
	month = {jun},
	publisher = {{IOP} Publishing},
	volume = {26},
	number = {13},
	pages = {135002},
	author = {Ryuichi Fujita and Wataru Hikida},
	title = {Analytical solutions of bound timelike geodesic orbits in Kerr spacetime},
	journal = {Classical and Quantum Gravity}
}

@misc{electricNegligence,
  doi = {10.48550/ARXIV.1904.04654},
  url = {https://arxiv.org/abs/1904.04654},
  author = {Zajaček, Michal and Tursunov, Arman},
  keywords = {Astrophysics of Galaxies (astro-ph.GA), High Energy Astrophysical Phenomena (astro-ph.HE), General Relativity and Quantum Cosmology (gr-qc), FOS: Physical sciences, FOS: Physical sciences},
  title = {Electric charge of black holes: Is it really always negligible?},
  publisher = {arXiv},
  year = {2019},  
  copyright = {arXiv.org perpetual, non-exclusive license}
}

@article{gravWaveDetectPaper,
  title = {Observation of Gravitational Waves from a Binary Black Hole Merger},
  author = {{LIGO Scientific Collaboration and Virgo Collaboration}},
  collaboration = {LIGO Scientific Collaboration and Virgo Collaboration},
  journal = {Phys. Rev. Lett.},
  volume = {116},
  issue = {6},
  pages = {061102},
  numpages = {16},
  year = {2016},
  month = {Feb},
  publisher = {American Physical Society},
  doi = {10.1103/PhysRevLett.116.061102},
  url = {https://link.aps.org/doi/10.1103/PhysRevLett.116.061102}
}

@article{gravTimeDilateDetect,
  title = {Gravitational Red-Shift in Nuclear Resonance},
  author = {Pound, R. V. and Rebka, G. A.},
  journal = {Phys. Rev. Lett.},
  volume = {3},
  issue = {9},
  pages = {439--441},
  numpages = {0},
  year = {1959},
  month = {Nov},
  publisher = {American Physical Society},
  doi = {10.1103/PhysRevLett.3.439},
  url = {https://link.aps.org/doi/10.1103/PhysRevLett.3.439}
}

@misc{LISASummary, 
    title={The Laser Interferometer Space Antenna Mission Summary},
    howpublished={\url{https://sci.esa.int/s/w5qyMBw}},
    author={European Space Agency},
    note={Accessed: 09-13-23}
} 

@misc{LIGOSummary, 
    title={LIGO's Interferometer Information Page},
    howpublished={\url{https://www.ligo.caltech.edu/page/ligos-ifo}},
    author={CalTech},
    note={Accessed: 09-13-23}
} 

@article{schwarzSlowRot,
	doi = {10.1103/physrevd.84.087501},
	url = {https://doi.org/10.1103\%2Fphysrevd.84.087501},
	year = 2011,
	month = {Oct},
	publisher = {American Physical Society ({APS})},
	volume = {84},
	number = {8},
	author = {Paolo Pani and Caio F. B. Macedo and Lu{\'{\i}}s C. B. Crispino and Vitor Cardoso},
	title = {Slowly rotating black holes in alternative theories of gravity},
	journal = {Physical Review D}
}

@misc{BHPToolkit,
  title = {{Black Hole Perturbation Toolkit}},
  howpublished = {\url{http://bhptoolkit.org/}},
  note={Accessed: 09-13-23}
}https://duetosymmetry.com/tool/kerr-isco-calculator/#explanation

@misc{ISCOproret,
  title = {{Kerr ISCO}},
  howpublished = {\url{https://duetosymmetry.com/tool/kerr-isco-calculator/#explanation}},
  author={Leo C. Stein},
  note={Accessed: 09-13-23}
}

@article{nielsLastStableOrbit,
	doi = {10.1103/physrevd.101.064007},
	url = {https://doi.org/10.1103\%2Fphysrevd.101.064007},
	year = 2020,
	month = {mar},
	publisher = {American Physical Society ({APS})},
	volume = {101},
	number = {6},
	author = {Leo C. Stein and Niels Warburton},
	title = {Location of the last stable orbit in Kerr spacetime},
	journal = {Physical Review D}
}

@article{carterConstant,
  title = {Global Structure of the Kerr Family of Gravitational Fields},
  author = {Carter, Brandon},
  journal = {Phys. Rev.},
  volume = {174},
  issue = {5},
  pages = {1559--1571},
  numpages = {0},
  year = {1968},
  month = {Oct},
  publisher = {American Physical Society},
  doi = {10.1103/PhysRev.174.1559},
  url = {https://link.aps.org/doi/10.1103/PhysRev.174.1559}
}

@article{SagoRadReac,
	doi = {10.1093/ptep/ptv092},
	url = {https://doi.org/10.1093\%2Fptep\%2Fptv092},
	year = 2015,
	month = {jul},
	publisher = {Oxford University Press ({OUP})},
	volume = {2015},
	number = {7},
	pages = {073E03},
	author = {Norichika Sago and Ryuichi Fujita},
	title = {Calculation of radiation reaction effect on orbital parameters in Kerr spacetime}, 
	journal = {Progress of Theoretical and Experimental Physics}
}

@article{GaltsovRadReac,
    author = "Gal'tsov, D. V.",
    title = "{Radiation reaction in the Kerr gravitational field}",
    doi = "10.1088/0305-4470/15/12/025",
    journal = "J. Phys. A",
    volume = "15",
    pages = "3737--3749",
    year = "1982"
}

@article{MeentSelfForce,
	doi = {10.1103/physrevd.97.104033},
	url = {https://doi.org/10.1103\%2Fphysrevd.97.104033},
	year = 2018,
	month = {may},
	publisher = {American Physical Society ({APS})},
	volume = {97},
	number = {10},
	author = {Maarten van de Meent},
	title = {Gravitational self-force on generic bound geodesics in Kerr spacetime}, 
	journal = {Physical Review D}
}

@article{Teukolsky_2015,
	doi = {10.1088/0264-9381/32/12/124006},
	url = {https://doi.org/10.1088\%2F0264-9381\%2F32\%2F12\%2F124006},
	year = 2015,
	month = {Jun},
	publisher = {{IOP} Publishing},
	volume = {32},
	number = {12},
	pages = {124006},
	author = {Saul A Teukolsky},
	title = {The Kerr metric},
	journal = {Classical and Quantum Gravity}
}

@article{abellSMBH,
    author = {Nightingale et al.},
    title = "{Abell 1201: detection of an ultramassive black hole in a strong gravitational lens}",
    journal = {Monthly Notices of the Royal Astronomical Society},
    volume = {521},
    number = {3},
    pages = {3298-3322},
    year = {2023},
    month = {03},
    issn = {0035-8711},
    doi = {10.1093/mnras/stad587},
    url = {https://doi.org/10.1093/mnras/stad587},
    eprint = {https://academic.oup.com/mnras/article-pdf/521/3/3298/49701632/stad587.pdf},
}

@article{SgrAMass,
	doi = {10.1051/0004-6361/201935656},
	url = {https://doi.org/10.1051\%2F0004-6361\%2F201935656},
	year = 2019,
	month = {May},
	publisher = {{EDP} Sciences},
	volume = {625},
	pages = {L10},
	author = {Abuter et al.},
	title = {A geometric distance measurement to the Galactic center black hole with 0.3\% uncertainty},
	journal = {Astronomy \& Astrophysics}
}

@book{introCondensed,
author = {Duan, Feng and Guojun, Jin},
title = {Introduction to Condensed Matter Physics},
publisher = {WORLD SCIENTIFIC},
year = {2005},
doi = {10.1142/5435},
address = {},
edition   = {},
URL = {https://www.worldscientific.com/doi/abs/10.1142/5435},
eprint = {https://www.worldscientific.com/doi/pdf/10.1142/5435}
}

@article{mercuryPrecess,
  title={Newtonian N-body calculations of the advance of Mercury's perihelion},
  author={Jayant V. Narlikar and Narayan C. Rana},
  journal={Monthly Notices of the Royal Astronomical Society},
  year={1985},
  volume={213},
  pages={657-663}
}

@article{carterDefinition,
	doi = {10.1142/s0218271809014546},
	url = {https://doi.org/10.1142%2Fs0218271809014546},
	year = 2009,
	month = {Mar},
	publisher = {World Scientific Pub Co Pte Lt},
	volume = {18},
	number = {03},
	pages = {429--434},
	author = {K. ROSQUIST and T. BYLUND and L. SAMUELSSON},
	title = {Carter's constant revealed},
	journal = {International Journal of Modern Physics D}
}

@misc{einsteinFieldEquations,
      title={How Einstein Got His Field Equations}, 
      author={Sam Walters},
      year={2016},
      eprint={1608.05752},
      archivePrefix={arXiv},
      primaryClass={physics.hist-ph}
}

@incollection{emriExplained,
	doi = {10.1007/978-981-15-4702-7_42-1},
	url = {https://doi.org/10.1007%2F978-981-15-4702-7_42-1},
	year = 2021,
	publisher = {Springer Singapore},
	pages = {1--44},
	author = {Georgios Lukes-Gerakopoulos and Vojt{\v{e}}ch Witzany},
	title = {Nonlinear Effects in {EMRI} Dynamics and Their Imprints on Gravitational Waves},  
	booktitle = {Handbook of Gravitational Wave Astronomy}
}

@article{schwarzSymmetry,
	doi = {10.1086/518883},
	url = {https://doi.org/10.1086%2F518883},
	year = 2007,
	month = {Jul},
	publisher = {American Astronomical Society},
	volume = {664},
	number = {1},
	pages = {14--25},
	author = {Keigo Fukumura and Demosthenes Kazanas},
	title = {Accretion Disk Illumination in Schwarzschild and Kerr Geometries: Fitting Formulae},
	journal = {The Astrophysical Journal}
}

@article{eulerLagrange,
	doi = {10.1007/jhep12(2016)047},
	url = {https://doi.org/10.1007%2Fjhep12%282016%29047},
	year = 2016,
	month = {Dec},
	publisher = {Springer Science and Business Media {LLC}},
	volume = {2016},
	number = {12},
	author = {C. Adam and F. Santamaria},
	title = {The first-order Euler-Lagrange equations and some of their uses},
	journal = {Journal of High Energy Physics}
}

@article{plungingExample,
	doi = {10.1103/physrevd.78.124015},
	url = {https://doi.org/10.1103%2Fphysrevd.78.124015},
	year = 2008,
	month = {Dec},
	publisher = {American Physical Society ({APS})},
	volume = {78},
	number = {12},
	author = {Yasushi Mino and Jeandrew Brink},
	title = {Gravitational radiation from plunging orbits: Perturbative study},
	journal = {Physical Review D}
}

@article{scatteredExample,
	doi = {10.1103/physrevd.90.044012},
	url = {https://doi.org/10.1103%2Fphysrevd.90.044012},
	year = 2014,
	month = {Aug},
	publisher = {American Physical Society ({APS})},
	volume = {90},
	number = {4},
	author = {A.{\hspace{0.167em}}M. Al Zahrani},
	title = {Escape of charged particles moving around a weakly magnetized Kerr black hole},
	journal = {Physical Review D}
}